% ------------------------------------------------------------------------
% BIBLIOGRAFIA
% ------------------------------------------------------------------------

@online{www1,
  TITLE =        {Strona internetowa firmy SELS},
  URL =    		 {http://www.sels.com.pl/index.php?cPath=1},
  URLDATE =		 {2012-10-29}
}

@misc{ ActiveDirectoryWiki,
author = "{Wikipedia contributors}",
title = "Active Directory --- {Wikipedia}{,} The Free Encyclopedia",
year = "2025",
url = "https://en.wikipedia.org/w/index.php?title=Active_Directory&oldid=1268160873",
note = "[Online; accessed 11-January-2025]"
}

@misc{ DNSWiki,
author = "{Wikipedia contributors}",
title = "Domain Name System --- {Wikipedia}{,} The Free Encyclopedia",
year = "2025",
howpublished = "\url{https://en.wikipedia.org/w/index.php?title=Domain_Name_System&oldid=1268761809}",
note = "[Online; accessed 11-January-2025]"
}

@misc{DHCPwiki,
author = "{Wikipedia contributors}",
title = "Dynamic Host Configuration Protocol --- {Wikipedia}{,} The Free Encyclopedia",
year = "2024",
howpublished = "\url{https://en.wikipedia.org/w/index.php?title=Dynamic_Host_Configuration_Protocol&oldid=1262983453}",
note = "[Online; accessed 11-January-2025]"
}

@misc{ ISCSIWiki,
author = "{Wikipedia contributors}",
title = "ISCSI --- {Wikipedia}{,} The Free Encyclopedia",
year = "2024",
howpublished = "\url{https://en.wikipedia.org/w/index.php?title=ISCSI&oldid=1262154123}",
note = "[Online; accessed 11-January-2025]"
}

@misc{ RAIDWiki,
author = "{Wikipedia contributors}",
title = "RAID --- {Wikipedia}{,} The Free Encyclopedia",
year = "2024",
howpublished = "\url{https://en.wikipedia.org/w/index.php?title=RAID&oldid=1265524486}",
note = "[Online; accessed 11-January-2025]"
}

@misc{ RAIDLevelsWiki,
author = "{Wikipedia contributors}",
title = "Standard RAID levels --- {Wikipedia}{,} The Free Encyclopedia",
year = "2024",
howpublished = "\url{https://en.wikipedia.org/w/index.php?title=Standard_RAID_levels&oldid=1266134065}",
note = "[Online; accessed 11-January-2025]"
}

@misc{ GroupPolicyWiki,
author = "{Wikipedia contributors}",
title = "Group Policy --- {Wikipedia}{,} The Free Encyclopedia",
year = "2025",
howpublished = "\url{https://en.wikipedia.org/w/index.php?title=Group_Policy&oldid=1267166405}",
note = "[Online; accessed 11-January-2025]"
}

@misc{ IISWiki,
author = "{Wikipedia contributors}",
title = "Internet Information Services --- {Wikipedia}{,} The Free Encyclopedia",
year = "2024",
howpublished = "\url{https://en.wikipedia.org/w/index.php?title=Internet_Information_Services&oldid=1250739445}",
note = "[Online; accessed 11-January-2025]"
}

@misc{ WordpressWiki,
author = "{Wikipedia contributors}",
title = "WordPress --- {Wikipedia}{,} The Free Encyclopedia",
year = "2025",
howpublished = "\url{https://en.wikipedia.org/w/index.php?title=WordPress&oldid=1268405620}",
note = "[Online; accessed 11-January-2025]"
}

@misc{ MySQLWiki,
author = "{Wikipedia contributors}",
title = "MySQL --- {Wikipedia}{,} The Free Encyclopedia",
year = "2025",
howpublished = "\url{https://en.wikipedia.org/w/index.php?title=MySQL&oldid=1268634437}",
note = "[Online; accessed 11-January-2025]"
}

@misc{ WDSwiki,
author = "{Wikipedia contributors}",
title = "Windows Deployment Services --- {Wikipedia}{,} The Free Encyclopedia",
year = "2024",
howpublished = "\url{https://en.wikipedia.org/w/index.php?title=Windows_Deployment_Services&oldid=1257507143}",
note = "[Online; accessed 11-January-2025]"
}

@online{ VirtualBox,

  TITLE =        {Strona internetowa VirtualBox},
  URL =    		 {https://www.virtualbox.org/},
  URLDATE =		 {2025-01-12} 
  
  
}

@online{ Powershell,

  TITLE =        {Strona internetowa PowerShell z Microsoft Learn},
  URL =    		 {https://learn.microsoft.com/en-us/training/modules/manage-active-directory-domain-services-use-powershell-cmdlets/3-manage-groups-group-memberships-powershell?ns-enrollment-type=learningpath&ns-enrollment-id=learn.wwl.maintain-system-administration-tasks-windows-powershell},
  URLDATE =		 {2025-01-12} 

}